@ARTICLE{Park:2015,
    AUTHOR={S. G. Park and J. P. Clarke},
    TITLE={Optimal Control Based Vertical Trajectory Determination for
Continuous Descent Arrival Procedures},
    JOURNAL={Journal of Aircraft},
    YEAR={2015},
    VOLUME={01/2015},
    PAGES={1-12}  
    }
    
@ARTICLE{Cao:2013,
    AUTHOR={Y. Cao and D. Laurentis and D. Sun},
    TITLE={Benefit and Trade-Off Analysis of Continuous Descent Approach in Normal Traffic Conditions},
    JOURNAL={Transportation and Research Record},
    YEAR={2013},
    VOLUME={2325},
    PAGES={22-33}  
    }

@ARTICLE{Jin:2013,
    AUTHOR={L. Jin and Y. Cao and D. Sun},
    TITLE={Investigation of Potential Fuel Savings Due to Continuous-Descent Approach},
    JOURNAL={Journal of Aircraft},
    YEAR={2013},
    VOLUME={50},
    PAGES={807-816}  
    }

@ARTICLE{Murca:2015,
    AUTHOR={M. C. R. Mur\c{c}a and C. M{\"u}ller},
    TITLE={Control-based optimization approach for aircraft scheduling
in a terminal area with alternative arrival routes},
    JOURNAL={Journal of Transportation Research Part E},
    YEAR={2015},
    VOLUME={73},
    PAGES={96-113}  
    }
   
@ARTICLE{Takeichi:2010,
    AUTHOR={N. Takeichi and D. Inami},
    TITLE={Arrival-Time Controllability of Tailored Arrival Subjected to Flight-Path Constraints},
    JOURNAL={Journal of Aircraft},
    YEAR={2010},
    VOLUME={47},
    PAGES={2021-2029}
    }   

@ARTICLE{Enis:2010,
    AUTHOR={T. E. Turgut and O. Usanmaz and A. O. Canarslanlar and O. Sahin},
    TITLE={Energy and emission assessments of continuous descent approach},
    JOURNAL={Aircraft Engineering and Aerospace Technology},
    YEAR={2010},
    VOLUME={82},
    PAGES={32-38}
    }   
   
@TECHREPORT{Cao:2011,
    AUTHOR={Y. Cao and S. Rathinam and D. Sun},
    TITLE={A Rescheduling Method for Conflict-free Continuous
Descent Approach},
    INSTITUTION={AIAA Guidance, Navigation and Control Conference},
    YEAR={2011},
    TYPE={Paper},
    NUMBER={AIAA 2011-6218},
    MONTH={August}  
    }


@TECHREPORT{Copp:2007,
    AUTHOR={R. A. Coppenbarger and R. W. Mead and D. N. Sweet},
    TITLE={Field Evaluation of the Tailored Arrivals Concept for Datalink-Enabled Continuous Descent Approach},
    INSTITUTION={AIAA Aviation Technology, Integration and Operations Conference},
    YEAR={2007},
    TYPE={Paper},
    NUMBER={AIAA 2007-7778},
    MONTH={September}  
    }
    

@TECHREPORT{Rob:2010,
    AUTHOR={J. E. Robinson III and M. Kamgarpour},
    TITLE={Benefits of Continuous Descent Operations in High-Density Terminal Airspace Under Scheduling Constraints},
    INSTITUTION={AIAA Aviation Technology, Integration and Operations Conference},
    YEAR={2010},
    TYPE={Paper},
    NUMBER={AIAA 2010-9115},
    MONTH={September}  
    }
    
@TECHREPORT{Niko:2012,
    AUTHOR={T. Nikoleris and G. B. Chatterji and R. A. Coppenbarger},
    TITLE={Comparison of Fuel Consumption of Descent Trajectories
under Arrival Metering},
    INSTITUTION={AIAA Guidance, Navigation and Control Conference},
    YEAR={2012},
    TYPE={Paper},
    NUMBER={AIAA 2012-4818},
    MONTH={August}
    } 
    
@TECHREPORT{Hayashi:2011,
    AUTHOR={M. Hayashi and R. A. Coppenbarger and D. Sweet and G. Nagle and G. L. Dyer},
    TITLE={Impacts of Intermediate Cruise-Altitude Advisory for
Conflict-Free Continuous-Descent Arrival},
    INSTITUTION={AIAA Guidance, Navigation and Control Conference},
    YEAR={2011},
    TYPE={Paper},
    NUMBER={AIAA 2011-6216},
    MONTH={August}
    }   

@TECHREPORT{Alam:2010,
    AUTHOR={S. Alam and M. H. Nguyen and H. A. Abass and C. Lokan and M. Ellejimi and S. Kirby},
    TITLE={A DYNAMIC CONTINUOUS DESCENT APPROACH METHODOLOGY FOR LOW NOISE AND EMISSION},
    INSTITUTION={IEEE Digital Avionics Systems Conference},
    YEAR={2010},
    TYPE={Paper},
    NUMBER={978-1-4244-6616-0},
    MONTH={October}
    }   
    
    
@TECHREPORT{Copp:2010b,
    AUTHOR={R. Coppenbarger and G. Dyer and M. Hayashi and R. Lanier and L. Stell and D. Sweer},
    TITLE={DEVELOPMENT AND TESTING OF AUTOMATION FOR EFFICIENT ARRIVALS IN CONSTRAINED AIRSPACE},
    INSTITUTION={International Congress of the Aeronautical Sciences},
    YEAR={2010},
    TYPE={Paper},
    NUMBER={},
    MONTH={}  
    }
      
    
@misc{Lufty,
  title = {Saving fuel with new software},
  howpublished = {\url{http://www.lufthansagroup.com/en/press/news-releases/singleview/archive/2013/september/25/article/2615.html}},
  note = {Accessed: 2015-03-25}
}

@misc{TransportCanada,
  title = {Canada's Action Plan to Reduce Greenhouse Gas Emissions from Aviation},
  howpublished = {\url{https://www.tc.gc.ca/media/documents/policy/AviationGHGActionPan_Eng.pdf}},
  note = {Accessed: 2015-03-25}
}

@misc{Boeing,
  author = {R. Mead and R. Coppenbarger},
  title = {Tailored Arrivals (Procedure Development and Implementation)},
  howpublished = {\url{https://smartech.gatech.edu/bitstream/handle/1853/34287/03_EIPT_TA_071205_RCedit.pdf}},
  note = {Accessed: 2015-03-25}
}

@misc{Boeing:a,
  author = {Boeing},
  title = {2009 Environment Report},
  howpublished = {\url{http://www.boeing.com/aboutus/environment/environmental_report_09/air-transportation-systems.html
}},
  note = {Accessed: 2015-03-25}
}

@misc{ANZ:a,
  author = {Air New Zealand},
  title = {2009 Aspire Annual Report},
  howpublished={\url{http://www.airways.co.nz/documents/Aspire-Annual-Report.pdf}},
  note = {Accessed: 2015-03-25}
  }

@misc{JP:a,
  author = {J. Toon},
  title = {Continuous Descent Arrivals: Atlanta Flight Test Evaluates Technique for Saving Fuel and Reducing Noise in Airliners},
  howpublished={\url{http://www.gtresearchnews.gatech.edu/continuous-descent/}},
  note = {Accessed: 2015-03-25}
  }
